<record><leader>00000cas a22000007a 4500</leader><controlfield tag="001">11668022</controlfield><controlfield tag="008">850207d19061907wiuwr ne      0    0eng d</controlfield><datafield ind1=" " ind2=" " tag="010"><subfield code="a">sn 85040223 </subfield></datafield><datafield ind1=" " ind2=" " tag="040"><subfield code="a">NPV</subfield><subfield code="b">eng</subfield><subfield code="c">NPV</subfield><subfield code="d">OCLCQ</subfield></datafield><datafield ind1=" " ind2=" " tag="042"><subfield code="a">msc</subfield></datafield><datafield ind1="0" ind2=" " tag="130"><subfield code="a">Ladysmith news (Ladysmith, Wis. : 1906)</subfield></datafield><datafield ind1="1" ind2="0" tag="245"><subfield code="a">Ladysmith news.</subfield></datafield><datafield ind1=" " ind2=" " tag="260"><subfield code="a">Ladysmith, Wis. :</subfield><subfield code="b">Ladysmith Pub.,</subfield><subfield code="c">1906-1907.</subfield></datafield><datafield ind1=" " ind2=" " tag="300"><subfield code="a">2 v. :</subfield><subfield code="b">ill.</subfield></datafield><datafield ind1=" " ind2=" " tag="310"><subfield code="a">Weekly</subfield></datafield><datafield ind1="0" ind2=" " tag="362"><subfield code="a">Vol. 2, no. 14 (June 9, 1906)-v. 3, no. 5 (Apr. 6, 1907).</subfield></datafield><datafield ind1=" " ind2=" " tag="500"><subfield code="a">Publisher varies.</subfield></datafield><datafield ind1=" " ind2=" " tag="752"><subfield code="a">United States</subfield><subfield code="b">Wisconsin</subfield><subfield code="c">Rusk</subfield><subfield code="d">Ladysmith.</subfield></datafield><datafield ind1=" " ind2=" " tag="752"><subfield code="a">United States</subfield><subfield code="b">Wisconsin</subfield><subfield code="c">Rusk</subfield><subfield code="d">Ingram.</subfield></datafield><datafield ind1="0" ind2="0" tag="780"><subfield code="t">Ladysmith news and Ingram news</subfield><subfield code="w">(DLC)sn 85040222</subfield></datafield><datafield ind1="0" ind2="7" tag="785"><subfield code="t">Weekly budget</subfield><subfield code="w">(DLC)sn 85040220</subfield></datafield><datafield ind1="0" ind2="7" tag="785"><subfield code="t">Ladysmith news-budget</subfield></datafield></record>